

@misc{DMHA,
  author = {Danielle Navarroe},
  title = {{The Metropolis-Hastings algorithm}},
  howpublished = "\url{https://blog.djnavarro.net/posts/2023-04-12_metropolis-hastings/}",
  year = {2023}
}

@misc{ITPCDF,
  author = {H. Pishro-Nik},
  title = {{Introduction to probability, statistics, and random processes}},
  howpublished = "\url{https://www.probabilitycourse.com}",
  year = {2014}
}

@misc{KKCDF,
  author = {Kristin Kuter},
  title = {{4.1: Probability Density Functions (PDFs) and Cumulative Distribution Functions (CDFs) for Continuous Random Variables}},
  howpublished = "\url{https://stats.libretexts.org/Courses/Saint_Mary\%27s_College_Notre_Dame/MATH_345__-_Probability_(Kuter)/4\%3A_Continuous_Random_Variables/4.1\%3A_Probability_Density_Functions_(PDFs)_and_Cumulative_Distribution_Functions_(CDFs)_for_Continuous_Random_Variables}",
  year = {2024}
}

@book{Rivas2011,
	abstract = "2191-5423",
	author = "Rivas, A. and Huelga, S. F.",
	booktitle = "{Open Quantum Systems: an introduction}",
	publisher = "Springer",
	title = "{Open Quantum Systems: an introduction}",
	year = "2011"
}

@misc{RelSRS,
  author = {Rel Guzman},
  title = {{Sampling: Rejection Sampling Explained }},
  howpublished = "\url{https://relguzman.blogspot.com/2018/04/rejection-sampling-explained.html}",
  year = {2018}
}

@misc{JakeRS ,
  author = {Jake Tae },
  title = {{Rejection Sampling  }},
  howpublished = "\url{https://jaketae.github.io/study/rejection-sampling/}",
  year = {2021}
}

@misc{robert2016metropolishastingsalgorithm,
      title={The Metropolis-Hastings algorithm}, 
      author={Christian P. Robert},
      year={2016},
      eprint={1504.01896},
      archivePrefix={arXiv},
      primaryClass={stat.CO},
      url={https://arxiv.org/abs/1504.01896}, 
}